@ARTICLE{2014MNRAS.438.2466N,
   author = {Nucita, Achille~A. and Giordano, Mos√® and {De Paolis}, Francesco
                  and Ingrosso, Gabriele},
    title = {Signatures of rotating binaries in microlensing experiments},
  journal = {Monthly Notices of the Royal Astronomical Society},
archivePrefix = "arXiv",
   eprint = {1401.6288},
     year = 2014,
    month = mar,
   volume = 438,
    pages = {2466-2473},
      doi = {10.1093/mnras/stt2363},
}

% Local Variables:
% bibtex-dialect: biblatex
% comment-start: "%"
% End:
